<?xml version="1.0" encoding="UTF-8"?><collection xmlns="http://www.loc.gov/MARC21/slim"><record><leader>00360nam--2200121-i-4500</leader><controlfield tag="001">000028042</controlfield><controlfield tag="002">20161230</controlfield><controlfield tag="005">20161230201037</controlfield><controlfield tag="008">060222s1000------------r-----000-0-eng-d</controlfield><datafield ind1=" " ind2=" " tag="080"><subfield code="a">608</subfield></datafield><datafield ind1=" " ind2=" " tag="245"><subfield code="a">Legislatie priind inventiile, inovatiile si rationalizarile in republica socialista romania</subfield></datafield><datafield ind1=" " ind2=" " tag="260"><subfield code="a">Bucuresti, Inst.De Docum.Tehnica, 1968, 191p</subfield></datafield><datafield ind1=" " ind2=" " tag="852"><subfield code="a">28366</subfield></datafield></record></collection>